


@incollection{kohonen2001learning,
	title={Learning vector quantization},
	author={Kohonen, Teuvo},
	booktitle={Self-organizing maps},
	pages={245--261},
	year={2001},
	publisher={Springer}
}



@book{kohonen2012self,
	title={Self-organizing maps},
	author={Kohonen, Teuvo},
	volume={30},
	year={2012},
	publisher={Springer Science \& Business Media}
}



@inproceedings{sato1994criterion,
	title={A criterion for training reference vectors and improved vector quantization},
	author={Sato, A and Tsukumo, J},
	booktitle={Proceedings of 1994 IEEE International Conference on Neural Networks (ICNN'94)},
	volume={1},
	pages={161--166},
	year={1994},
	organization={IEEE}
}


@article{sato1996generalized,
	title={Generalized learning vector quantization},
	author={Sato, Atsushi and Yamada, Keiji},
	journal={Advances in neural information processing systems},
	pages={423--429},
	year={1996},
	publisher={MORGAN KAUFMANN PUBLISHERS}
}


@article{biehl2006learning,
	title={Learning vector quantization: The dynamics of winner-takes-all algorithms},
	author={Biehl, Michael and Ghosh, Anarta and Hammer, Barbara},
	journal={Neurocomputing},
	volume={69},
	number={7-9},
	pages={660--670},
	year={2006},
	publisher={Elsevier}
}




@article{hammer2005generalization,
	title={On the generalization ability of GRLVQ networks},
	author={Hammer, Barbara and Strickert, Marc and Villmann, Thomas},
	journal={Neural Processing Letters},
	volume={21},
	number={2},
	pages={109--120},
	year={2005},
	publisher={Springer}
}


@article{article,
	author = {Biehl, Michael and Hammer, Barbara and Schneider, P},
	year = {2006},
	month = {01},
	pages = {},
	title = {Matrix learning in Learning Vector Quantization},
	journal = {IFL Technical Report Series}
}

@article{hammer2002generalized,
	title={Generalized relevance learning vector quantization},
	author={Hammer, Barbara and Villmann, Thomas},
	journal={Neural Networks},
	volume={15},
	number={8-9},
	pages={1059--1068},
	year={2002},
	publisher={Elsevier}
}

@article{schneider2009adaptive,
	title={Adaptive relevance matrices in learning vector quantization},
	author={Schneider, Petra and Biehl, Michael and Hammer, Barbara},
	journal={Neural computation},
	volume={21},
	number={12},
	pages={3532--3561},
	year={2009},
	publisher={MIT Press}
}

@article{bunte2012limited,
	title={Limited rank matrix learning, discriminative dimension reduction and visualization},
	author={Bunte, Kerstin and Schneider, Petra and Hammer, Barbara and Schleif, Frank-Michael and Villmann, Thomas and Biehl, Michael},
	journal={Neural Networks},
	volume={26},
	pages={159--173},
	year={2012},
	publisher={Elsevier}
}

@article{gath1989unsupervised,
	title={Unsupervised optimal fuzzy clustering},
	author={Gath, Isak and Geva, Amir B.},
	journal={IEEE Transactions on pattern analysis and machine intelligence},
	volume={11},
	number={7},
	pages={773--780},
	year={1989},
	publisher={IEEE}
}

@article{bezdek1981pattern,
	title={Pattern recognition with fuzzy objective function algorithms},
	author={Bezdek, James C},
	year={1981},
	publisher={Plenum}
}

@inproceedings{pal1997mixed,
	title={A mixed c-means clustering model},
	author={Pal, Nikhil R and Pal, Kuhu and Bezdek, James C},
	booktitle={Proceedings of 6th international fuzzy systems conference},
	volume={1},
	pages={11--21},
	year={1997},
	organization={IEEE}
}

@article{krishnapuram1993possibilistic,
	title={A possibilistic approach to clustering},
	author={Krishnapuram, Raghuram and Keller, James M},
	journal={IEEE transactions on fuzzy systems},
	volume={1},
	number={2},
	pages={98--110},
	year={1993},
	publisher={IEEE}
}


@article{barni1996comments,
	title={Comments on" A possibilistic approach to clustering"},
	author={Barni, Mauro and Cappellini, Vito and Mecocci, Alessandro},
	journal={IEEE Transactions on Fuzzy Systems},
	volume={4},
	number={3},
	pages={393--396},
	year={1996},
	publisher={IEEE}
}

@article{pal2005possibilistic,
	title={A possibilistic fuzzy c-means clustering algorithm},
	author={Pal, Nikhil R and Pal, Kuhu and Keller, James M and Bezdek, James C},
	journal={IEEE transactions on fuzzy systems},
	volume={13},
	number={4},
	pages={517--530},
	year={2005},
	publisher={IEEE}
}


@article{villmann2017can,
	title={Can learning vector quantization be an alternative to SVM and deep learning?: recent trends and advanced variants of learning vector quantization for classification learning},
	author={Villmann, Thomas and Bohnsack, Andrea and Kaden, Marika},
	journal={Journal of Artificial Intelligence and Soft Computing Research},
	volume={7},
	year={2017}
}

@article{DBLP:journals/npl/HammerSV05,
	author    = {Barbara Hammer and
		Marc Strickert and
		Thomas Villmann},
	title     = {Supervised Neural Gas with General Similarity Measure},
	journal   = {Neural Process. Lett.},
	volume    = {21},
	number    = {1},
	pages     = {21--44},
	year      = {2005},
	url       = {https://doi.org/10.1007/s11063-004-3255-2},
	doi       = {10.1007/s11063-004-3255-2},
	timestamp = {Thu, 09 Jul 2020 22:58:01 +0200},
	biburl    = {https://dblp.org/rec/journals/npl/HammerSV05.bib},
	bibsource = {dblp computer science bibliography, https://dblp.org}
}

@ARTICLE{1388242,
	author={Jin Huang and Ling, C.X.},
	journal={IEEE Transactions on Knowledge and Data Engineering}, 
	title={Using AUC and accuracy in evaluating learning algorithms}, 
	year={2005},
	volume={17},
	number={3},
	pages={299-310},
	doi={10.1109/TKDE.2005.50}
}

@article{hand2001simple,
	title={A simple generalisation of the area under the ROC curve for multiple class classification problems},
	author={Hand, David J and Till, Robert J},
	journal={Machine learning},
	volume={45},
	number={2},
	pages={171--186},
	year={2001},
	publisher={Springer}
}

@article{cohen1960coefficient,
	title={A coefficient of agreement for nominal scales},
	author={Cohen, Jacob},
	journal={Educational and psychological measurement},
	volume={20},
	number={1},
	pages={37--46},
	year={1960},
	publisher={Sage Publications Sage CA: Thousand Oaks, CA}
}


@article{sim2005kappa,
	title={The kappa statistic in reliability studies: use, interpretation, and sample size requirements},
	author={Sim, Julius and Wright, Chris C},
	journal={Physical therapy},
	volume={85},
	number={3},
	pages={257--268},
	year={2005},
	publisher={Oxford University Press}
}

@article{eckart1936approximation,
	title={The approximation of one matrix by another of lower rank},
	author={Eckart, Carl and Young, Gale},
	journal={Psychometrika},
	volume={1},
	number={3},
	pages={211--218},
	year={1936},
	publisher={Springer}
}

@book{brunton2019data,
	title={Data-driven science and engineering: Machine learning, dynamical systems, and control},
	author={Brunton, Steven L and Kutz, J Nathan},
	year={2019},
	publisher={Cambridge University Press}
}

@article{kaden2014aspects,
	title={Aspects in classification learning-Review of recent developments in Learning Vector Quantization},
	author={Kaden, Marika and Lange, Mandy and Nebel, David and Riedel, Martin and Geweniger, Tina and Villmann, Thomas},
	journal={Foundations of Computing and Decision Sciences},
	volume={39},
	number={2},
	pages={79--105},
	year={2014}
}

@inproceedings{villmann2018probabilistic,
	title={Probabilistic learning vector quantization with cross-entropy for probabilistic class assignments in classification learning},
	author={Villmann, Andrea and Kaden, Marika and Saralajew, Sascha and Villmann, Thomas},
	booktitle={International Conference on Artificial Intelligence and Soft Computing},
	pages={724--735},
	year={2018},
	organization={Springer}
}

@book{goodfellow2016deep,
	title={Deep learning},
	author={Goodfellow, Ian and Bengio, Yoshua and Courville, Aaron and Bengio, Yoshua},
	volume={1},
	number={2},
	year={2016},
	publisher={MIT press Cambridge}
}

@inproceedings{wittner1988strategies,
	title={Strategies for teaching layered networks classification tasks},
	author={Wittner, Ben S and Denker, John S},
	booktitle={Neural information processing systems},
	pages={850--859},
	year={1988}
}

@article{fisher1936use,
	title={The use of multiple measurements in taxonomic problems},
	author={Fisher, Ronald A},
	journal={Annals of eugenics},
	volume={7},
	number={2},
	pages={179--188},
	year={1936},
	publisher={Wiley Online Library}
}

@article{boubezoul2008application,
	title={Application of the cross entropy method to the glvq algorithm},
	author={Boubezoul, Abderrahmane and Paris, Sebastien and Ouladsine, Mustapha},
	journal={Pattern Recognition},
	volume={41},
	number={10},
	pages={3173--3178},
	year={2008},
	publisher={Elsevier}
}



@misc{lichman2017uci,
	title={UCI Machine Learning Repository. University of California, School of Information and Computer Science, Irvine, CA (2013)},
	author={Lichman, M},
	year={2017}
}

@inproceedings{street1993nuclear,
	title={Nuclear feature extraction for breast tumor diagnosis},
	author={Street, W Nick and Wolberg, William H and Mangasarian, Olvi L},
	booktitle={Biomedical image processing and biomedical visualization},
	volume={1905},
	pages={861--870},
	year={1993},
	organization={International Society for Optics and Photonics}
}
@misc{Ravichandran2020,
	author = {Ravichandran, J},
	title = {ProtoTorch},
	year = {2020},
	publisher = {GitHub},
	journal = {GitHub repository},
	howpublished = {\url{https://github.com/si-cim/prototorch}}
}

@article{seo2003soft,
	title={Soft learning vector quantization},
	author={Seo, Sambu and Obermayer, Klaus},
	journal={Neural computation},
	volume={15},
	number={7},
	pages={1589--1604},
	year={2003},
	publisher={MIT Press One Rogers Street, Cambridge, MA 02142-1209, USA journals-info~…}
}
@article{hanczar2019performance,
	title={Performance visualization spaces for classification with rejection option},
	author={Hanczar, Blaise},
	journal={Pattern Recognition},
	volume={96},
	pages={106984},
	year={2019},
	publisher={Elsevier}
}